@misc{zhang2024algorithmhardware,
      title={Algorithm-hardware co-design for Energy-Efficient A/D conversion in ReRAM-based accelerators}, 
      author={Chenguang Zhang and Zhihang Yuan and Xingchen Li and Guangyu Sun},
      year={2024},
      eprint={2402.06164},
      archivePrefix={arXiv},
      primaryClass={cs.AR}
}
@misc{yuan2021ptqsl,
      title={PTQ-SL: Exploring the Sub-layerwise Post-training Quantization}, 
      author={Zhihang Yuan and Yiqi Chen and Chenhao Xue and Chenguang Zhang and Qiankun Wang and Guangyu Sun},
      year={2021},
      eprint={2110.07809},
      archivePrefix={arXiv},
      primaryClass={cs.CV}
}

@inproceedings{Zhang_2021, doi = {10.1145/3394885.3431528}, url = {https://doi.org/10.1145%2F3394885.3431528}, year = 2021, month = {jan}, publisher = {{ACM}}, author = {Chenguang Zhang and Pingqiang Zhou}, title = {A Quantized Training Framework for Robust and Accurate {ReRAM}-based Neural Network Accelerators}, booktitle = {Proceedings of the 26th Asia and South Pacific Design Automation Conference}}
