@inproceedings{Zhang_2021,
 author = {Chenguang Zhang and Pingqiang Zhou},
 booktitle = {Proceedings of the 26th Asia and South Pacific Design Automation Conference},
 doi = {10.1145/3394885.3431528},
 month = {jan},
 publisher = {ACM},
 title = {A Quantized Training Framework for Robust and Accurate ReRAM-based Neural Network Accelerators},
 url = {https://doi.org/10.1145%2F3394885.3431528},
 year = {2021}
}
