@misc{zhang2024algorithmhardware,
 archiveprefix = {arXiv},
 author = {Chenguang Zhang and Zhihang Yuan and Xingchen Li and Guangyu Sun},
 eprint = {2402.06164},
 primaryclass = {cs.AR},
 title = {Algorithm-hardware co-design for Energy-Efficient A/D conversion in ReRAM-based accelerators},
 year = {2024}
}
