@misc{yuan2021ptqsl,
 archiveprefix = {arXiv},
 author = {Zhihang Yuan and Yiqi Chen and Chenhao Xue and Chenguang Zhang and Qiankun Wang and Guangyu Sun},
 eprint = {2110.07809},
 primaryclass = {cs.CV},
 title = {PTQ-SL: Exploring the Sub-layerwise Post-training Quantization},
 year = {2021}
}
